<record><leader>00000cas a22000007a 4500</leader><controlfield tag="001">24509031</controlfield><controlfield tag="008">911007d19871988nyuwr ne      0    0eng d</controlfield><datafield ind1=" " ind2=" " tag="010"><subfield code="a">sn 91066402 </subfield></datafield><datafield ind1=" " ind2=" " tag="040"><subfield code="a">NYS</subfield><subfield code="b">eng</subfield><subfield code="c">NYS</subfield><subfield code="d">OCLCQ</subfield><subfield code="d">YTJ</subfield><subfield code="d">OCLCO</subfield><subfield code="d">OCLCF</subfield></datafield><datafield ind1="1" ind2=" " tag="029"><subfield code="a">AU@</subfield><subfield code="b">000025907753</subfield></datafield><datafield ind1=" " ind2=" " tag="042"><subfield code="a">msc</subfield></datafield><datafield ind1="0" ind2=" " tag="130"><subfield code="a">Freeman's journal (Cooperstown, N.Y. : Friday ed.)</subfield></datafield><datafield ind1="1" ind2="0" tag="245"><subfield code="a">Freeman's journal.</subfield></datafield><datafield ind1="1" ind2="7" tag="246"><subfield code="a">Freeman's journal-Friday edition</subfield></datafield><datafield ind1=" " ind2=" " tag="250"><subfield code="a">Friday ed.</subfield></datafield><datafield ind1=" " ind2=" " tag="260"><subfield code="a">Cooperstown, N.Y. :</subfield><subfield code="b">[Freeman's Journal]</subfield></datafield><datafield ind1=" " ind2=" " tag="300"><subfield code="a">1 v. :</subfield><subfield code="b">ill. ;</subfield><subfield code="c">43 cm.</subfield></datafield><datafield ind1=" " ind2=" " tag="310"><subfield code="a">Weekly</subfield></datafield><datafield ind1="0" ind2=" " tag="362"><subfield code="a">Vol. 1, no. 14 (Sept. 18, 1987)-v. 1, no. 31 (Jan. 29, 1988).</subfield></datafield><datafield ind1=" " ind2=" " tag="580"><subfield code="a">Friday ed. of: Freeman's journal (Cooperstown, N.Y. : 1924).</subfield></datafield><datafield ind1=" " ind2="4" tag="651"><subfield code="a">Cooperstown (N.Y.)</subfield><subfield code="v">Newspapers.</subfield></datafield><datafield ind1=" " ind2="0" tag="651"><subfield code="a">Cooperstown (N.Y.)</subfield><subfield code="v">Newspapers.</subfield></datafield><datafield ind1=" " ind2="0" tag="651"><subfield code="a">Otsego County (N.Y.)</subfield><subfield code="v">Newspapers.</subfield></datafield><datafield ind1=" " ind2="7" tag="655"><subfield code="a">Newspapers.</subfield><subfield code="2">fast</subfield><subfield code="0">(OCoLC)fst01423814</subfield></datafield><datafield ind1=" " ind2="7" tag="651"><subfield code="a">New York (State)</subfield><subfield code="z">Cooperstown.</subfield><subfield code="2">fast</subfield><subfield code="0">(OCoLC)fst01219225</subfield></datafield><datafield ind1=" " ind2="7" tag="651"><subfield code="a">New York (State)</subfield><subfield code="z">Otsego County.</subfield><subfield code="2">fast</subfield><subfield code="0">(OCoLC)fst01207820</subfield></datafield><datafield ind1=" " ind2=" " tag="752"><subfield code="a">United States</subfield><subfield code="b">New York</subfield><subfield code="c">Otsego</subfield><subfield code="d">Cooperstown.</subfield></datafield><datafield ind1="1" ind2=" " tag="775"><subfield code="t">Freeman's journal (Cooperstown, N.Y. : 1924)</subfield><subfield code="w">(DLC)sn 83031249</subfield></datafield><datafield ind1="0" ind2="0" tag="780"><subfield code="t">Freeman's journal weekender</subfield><subfield code="w">(DLC)sn 91066401</subfield></datafield></record>